@ARTICLE{5009548,
  author={Nishihara, Seiichi and Nishino, Hiroji},
  journal={IEEE Transactions on Computers}, 
  title={Binary Search Revisited: Another Advantage of Fibonacci Search}, 
  year={1987},
  volume={C-36},
  number={9},
  pages={1132-1135},
  doi={10.1109/TC.1987.5009548}}

@book{knuth1973art,
  title = {The Art of Computer Programming, Vol. 3: Sorting and Searching},
  author = {Knuth, Donald E.},
  year = {1973},
  publisher = {Addison-Wesley},
  address = {Reading, MA}
}

@article{overholt1973optimal,
  title = {Optimal Binary Search Methods},
  author = {Overholt, K. J.},
  journal = {BIT},
  volume = {13},
  number = {1},
  pages = {84-91},
  year = {1973}
}
