@BOOK{a39d2ed1-0f9a-3d52-a4b8-ccd73abfd907,
     ISBN = {9789587415575},
     URL = {http://www.jstor.org/stable/j.ctvdf0kh5},
     abstract = {Este libro contiene un compendio detallado y sistemático que sirve para el análisis, diseño y construcción de algoritmos. Los autores describen las reglas básicas para diseñar algoritmos aplicados a cualquier área del conocimiento humano, y mediante la combinación de teoría y ejemplos guían al lector para que identifique los conceptos de datos e información y construya algoritmos, partiendo de primitivas básicas hasta llegar a las más complejas. El texto, en síntesis, privilegia el análisis de problemas para que sean expresados con base en la lógica humana, mediante un conjunto de estructuras de control representativas de la lógica algorítmica. Por ello, se encontrarán aquí diversos niveles de diseño de algoritmos, desde ejercicios iniciales hasta problemas de desafío, que con seguridad permitirán adquirir la destreza necesaria para construir algoritmos y aplicarlos a nivel funcional en distintas áreas del conocimiento.},
     author = {Alfonso Mancilla Herrera and Roberto Ebratt Gómez and José Capacho Portilla},
     edition = {1},
     publisher = {Editorial Universidad del Norte},
     title = {Diseño y construcción de algoritmos},
     urldate = {2023-10-23},
     year = {2019}
    }

@Article{atmos8070125,
    AUTHOR = {Nino-Ruiz, Elias D.},
    TITLE = {A Matrix-Free Posterior Ensemble Kalman Filter Implementation Based on a Modified Cholesky Decomposition},
    JOURNAL = {Atmosphere},
    VOLUME = {8},
    YEAR = {2017},
    NUMBER = {7},
    ARTICLE-NUMBER = {125},
    URL = {https://www.mdpi.com/2073-4433/8/7/125},
    ISSN = {2073-4433},
    ABSTRACT = {In this paper, a matrix-free posterior ensemble Kalman filter implementation based on a modified Cholesky decomposition is proposed. The method works as follows: the precision matrix of the background error distribution is estimated based on a modified Cholesky decomposition. The resulting estimator can be expressed in terms of Cholesky factors which can be updated based on a series of rank-one matrices in order to approximate the precision matrix of the analysis distribution. By using this matrix, the posterior ensemble can be built by either sampling from the posterior distribution or using synthetic observations. Furthermore, the computational effort of the proposed method is linear with regard to the model dimension and the number of observed components from the model domain. Experimental tests are performed making use of the Lorenz-96 model. The results reveal that, the accuracy of the proposed implementation in terms of root-mean-square-error is similar, and in some cases better, to that of a well-known ensemble Kalman filter (EnKF) implementation: the local ensemble transform Kalman filter. In addition, the results are comparable to those obtained by the EnKF with large ensemble sizes.},
    DOI = {10.3390/atmos8070125}
}

@Article{s20030877,
    AUTHOR = {Nino-Ruiz, Elias David and Mancilla-Herrera, Alfonso and Lopez-Restrepo, Santiago and Quintero-Montoya, Olga},
    TITLE = {A Maximum Likelihood Ensemble Filter via a Modified Cholesky Decomposition for Non-Gaussian Data Assimilation},
    JOURNAL = {Sensors},
    VOLUME = {20},
    YEAR = {2020},
    NUMBER = {3},
    ARTICLE-NUMBER = {877},
    URL = {https://www.mdpi.com/1424-8220/20/3/877},
    PubMedID = {32041372},
    ISSN = {1424-8220},
    ABSTRACT = {This paper proposes an efficient and practical implementation of the Maximum Likelihood Ensemble Filter via a Modified Cholesky decomposition (MLEF-MC). The method works as follows: via an ensemble of model realizations, a well-conditioned and full-rank square-root approximation of the background error covariance matrix is obtained. This square-root approximation serves as a control space onto which analysis increments can be computed. These are calculated via Line-Search (LS) optimization. We theoretically prove the convergence of the MLEF-MC. Experimental simulations were performed using an Atmospheric General Circulation Model (AT-GCM) and a highly nonlinear observation operator. The results reveal that the proposed method can obtain posterior error estimates within reasonable accuracies in terms of ℓ &minus; 2 error norms. Furthermore, our analysis estimates are similar to those of the MLEF with large ensemble sizes and full observational networks.},
    DOI = {10.3390/s20030877}
    }