@book{graham_concrete_1994,
	location = {Reading, Mass},
	edition = {2nd ed},
	title = {Concrete mathematics: a foundation for computer science},
	isbn = {978-0-201-55802-9},
	year={1994},
	shorttitle = {Concrete mathematics},
	pagetotal = {657},
	publisher = {Addison-Wesley},
	author = {Graham, Ronald L. and Knuth, Donald Ervin and Patashnik, Oren},
	date = {1994},
	langid = {english},
	keywords = {Computer science, Mathematics},
}

@book{sedgewick-introduction-2013,
	location = {Upper Saddle River, {NJ}},
	year={2013},
	edition = {2nd ed},
	title = {An introduction to the analysis of algorithms},
	isbn = {978-0-321-90575-8},
	pagetotal = {572},
	publisher = {Addison-Wesley},
	author = {Sedgewick, Robert and Flajolet, Philippe},
	date = {2013},
	langid = {english},
	note = {{OCLC}: ocn821694654},
	keywords = {Computer algorithms},
}

@book{knuth_art_nodate,
	title = {The Art of Computer Programming. Volume 1. Fundamental Algorithms. Third Edition},
	pages = {681},
	author = {Knuth, Donald E},
	year={1968},
	publisher={Addison-Wesley},
	langid = {english},
}

@incollection{wilf_chapter_1990,
	title = {Chapter 1 - Introductory Ideas and Examples},
	isbn = {978-0-12-751955-5},
	url = {http://www.sciencedirect.com/science/article/pii/B9780127519555500046},
	pages = {1--26},
	booktitle = {Generatingfunctionology},
	publisher = {Academic Press},
	author = {Wilf, Herbert S.},
	editor = {Wilf, Herbert S.},
	date = {1990-01-01},
	year={1990},
	doi = {10.1016/B978-0-12-751955-5.50004-6},
}


@incollection{lehman-generating-2010,
	title = {Generating Functions},
	rights = {Copyright © 2010,  Eric Lehman, F Tom Leighton,Albert R Meyer. All rights reserved.},
	url = {https://ocw.mit.edu/courses/electrical-engineering-and-computer-science/6-042j-mathematics-for-computer-science-fall-2010/readings/MIT6_042JF10_chap12.pdf},
	pages = {355--378},
	booktitle = {Mathematics for Computer Science},
	author = {Lehman, Eric and Leighton, F. and Meyer, Albert},
	date = {2010-09-08},
	year={2010},
	langid = {english}
}

@misc{ChatGPT_scrapingScript,
      title = {Chat GPT: Ayuda para },
      author = {OpenAI},
      year = {2023},
      url = {https://chat.openai.com/chat},
      langid = {Spanish},
      date = {2023-10-16},
      rights = {OpenAI}
}

@article{Usable_link,
    author = {NA},
    title = {América Latina},
    journal = {BBC News Mundo},
    year = {2023}
}

@misc{Scraping_web,
      title = {Raspado web con Python – Guía paso a paso},
      author = {Antonello Zanini},
      year = {2023},
      url = {https://brightdata.es/blog/procedimientos/web-scraping-with-python#:~:text=Extraer%20datos%20de%20un%20sitio,datos%20en%20el%20formato%20deseado.},
      langid = {Spanish},
      date = {2023-10-14},
      rights = {Bright Data}
}


