
@book{sedgewick_introduction_2013,
	location = {Upper Saddle River, {NJ}},
	edition = {2nd ed},
	title = {An introduction to the analysis of algorithms},
	isbn = {978-0-321-90575-8},
	pagetotal = {572},
	publisher = {Addison-Wesley},
	author = {Sedgewick, Robert and Flajolet, Philippe},
	year = {2013},
	langid = {english},
	note ={pp. 91-97, 219-229},
	keywords = {Computer algorithms},
	file = {Sedgewick y Flajolet - 2013 - An introduction to the analysis of algorithms.pdf:C\:\\Users\\Ingeniero Luis\\Zotero\\storage\\6M25DLEU\\Sedgewick y Flajolet - 2013 - An introduction to the analysis of algorithms.pdf:application/pdf}
}

@incollection{lehman_generating_2010,
	title = {Generating Functions},
	rights = {Copyright © 2010,  Eric Lehman, F Tom Leighton,Albert R Meyer. All rights reserved.},
	url = {https://ocw.mit.edu/courses/electrical-engineering-and-computer-science/6-042j-mathematics-for-computer-science-fall-2010/readings/MIT6_042JF10_chap12.pdf},
	pages = {355--378},
	booktitle = {Mathematics for Computer Science},
	author = {Lehman, Eric and Leighton, F. and Meyer, Albert},
	date = {2010-09-08},
	year={2010},
	langid = {english},
	file = {ln11.pdf:C\:\\Users\\Ingeniero Luis\\Zotero\\storage\\2G6ZDV56\\ln11.pdf:application/pdf}
}

@misc{ChatGPT_Graficas,
      title = {Chat GPT: Ayuda para graficas 2D y 3D},
      author = {OpenAI},
      year = {2023},
      url = {https://chat.openai.com/chat},
      langid = {Spanish},
      date = {2023-09-22},
      rights = {OpenAI}
}

@misc{ChatGPT_Bell,
      title = {Chat GPT: Ayuda para imprimir particiones},
      author = {OpenAI},
      year = {2023},
      url = {https://chat.openai.com/chat},
      langid = {Spanish},
      date = {2023-09-24},
      rights = {OpenAI}
}
@unpublished{secuencia_FGO,
    author = {Alfonso Mancilla Herrera} ,
    title = {Código para hallar la secuencia correspondiente a una FGO especificada.},

}
@misc{ChatGPT_sec,
      title = {Chat GPT: Ayuda para solucionar secuencia f(n)},
      author = {OpenAI},
      year = {2023},
      url = {https://chat.openai.com/chat},
      langid = {Spanish},
      date = {2023-09-30},
      rights = {OpenAI}
}
@misc{ChatGPT_Complex,
      title = {Chat GPT: Ayuda para leer números complejos de fgo Catalán},
      author = {OpenAI},
      year = {2023},
      url = {https://chat.openai.com/chat},
      langid = {Spanish},
      date = {2023-09-28},
      rights = {OpenAI}
}

@misc{ChatGPT_MARKOVIFY,
  title = {Chat GPT: Ayuda con libreria Markovify},
  author = {OpenAI},
  year = {2023},
  url = {https://chat.openai.com/chat},
  langid = {Spanish},
  date = {2023-09-27},
  rights = {OpenAI}
}

@misc{chatGPT_FGO,
    title = {Chat GPT: Ayuda con una FGO},
    author = {OpenAI},
    year = {2023},
    url = {https://chat.openai.com/chat},
    langid = {Spanish},
    date = {28/09/2023},
    rights = {OpenAI}
}
