
@video{sedg-ordinary,
	title = {Ordinary Generating Functions},
	url = {https://www.youtube.com/watch?v=d-Tqqd7Hsh4},
	shorttitle = {Ordinary Generating Functions}
}

@video{sedg-symb,
	title = {Symbolic Method},
	url = {https://www.youtube.com/watch?v=ULpHNFtOBBI}
}